% TensorFlow
@inproceedings{
   abadi2016-tensorflow,
    title = {TensorFlow: A system for large-scale machine learning},
    author = {Martin Abadi and Paul Barham and Jianmin Chen and Zhifeng Chen and Andy Davis and Jeffrey Dean and Matthieu Devin and Sanjay Ghemawat and Geoffrey Irving and Michael Isard and Manjunath Kudlur and Josh Levenberg and Rajat Monga and Sherry Moore and Derek G. Murray and Benoit Steiner and Paul Tucker and Vijay Vasudevan and Pete Warden and Martin Wicke and Yuan Yu and Xiaoqiang Zheng},
    year = {2016},
    url	= {https://www.usenix.org/system/files/conference/osdi16/osdi16-abadi.pdf},
    booktitle = {12th USENIX Symposium on Operating Systems Design and Implementation (OSDI 16)},
    pages = {265--283}
}

% ReLU
@conference{agarap2019,
  author = {A. F. Agarap},
  title = {Deep Learning using Rectified Linear Units (ReLU)},
  year = {2019},
  location = {San Diego},
  url = {https://arxiv.org/abs/1803.08375},
  venue = {3rd International Conference for Learning Representations},
}

% Neural Networks
@article{bishop1995,
    author = {Christopher M. Bishop},
    title = {Neural Networks for Pattern Recognition},
    publisher = {Clarendon Press},
    url = {https://people.sabanciuniv.edu/berrin/cs512/lectures/Book-Bishop-Neural%20Networks%20for%20Pattern%20Recognition.pdf},
    year = {1995},
    institution = {Aston Universtiy Birmingham UK},
    location = {Oxford, United Kingdom}
}

% CNN Introduction
@online{brownlee2020, 
    url = {https://machinelearningmastery.com/gentle-introduction-backpropagation-time/}, 
    author = {Jason Brownlee},
    title = {A Gentle Introduction to Pooling Layers for Convolutional Neural Networks},
    day = {5},
    month = {7}, 
    year = {2019}
}

% Pillow
@misc{clark2015pillow,
    title={Pillow (PIL Fork) Documentation},
    author={Alex Clark},
    year={2015},
    url={https://buildmedia.readthedocs.org/media/pdf/pillow/latest/pillow.pdf}
}

% CNN Stanford Uni
@online{cs231n2023, 
    url = {https://cs231n.github.io/convolutional-networks/}, 
    publisher = {Stanford University},
    title = {Convolutional Neural Networks for Visual Recognition},
    day = {5},
    month = {7}, 
    year = {2019}
}

% Activation Functions
@article{chigozie2018,
    title = {Activation Functions: Comparison of Trends in Practice and Research for Deep Learning},
    url = {https://arxiv.org/pdf/1811.03378},
    author = {Chigozie Enyinna Nwankpa and Winifred Ijomah and Anthony Gachagan and Stephen Marshall},
    year = {2020}
}

% ReLU Help
@online{giskard, 
    url = {https://www.giskard.ai/glossary/rectified-linear-unit-relu}, 
    publisher = {Giskard},
    title = {Rectified Linear Unit (ReLU)}
}

% Explainable Image Classification
@article{kamakshi2023,
    title = {Explainable Image Classification: The Journey So Far and the Road Ahead},
    url = {https://arxiv.org/pdf/1811.03378},
    author = {V. Kamakshi and N. C. Krishnan},
    day = {1},
    month = {8},
    year = {2023},
    doi = {https://doi.org/10.3390/ai4030033}
}

% Adam Optimization
@article{kingma2015,
    author = {D. P. Kingma and J. L. Ba},
    journal = {ICLR},
    title = {Adam: A Method for Stochastic Optimization},
    year = {2015},
    url = {https://arxiv.org/abs/1412.6980}
}

% CIFAR-10 Dataset
@online{krizhevsky2009,
    author = {A. Krizhevsky and V. Nair and G. Hinton},
    year = {2009},
    title = {The CIFAR-10 Dataset},
    organization = {Canadian Institute For Advanced Research},
    url = {https://www.cs.toronto.edu/~kriz/cifar.html}
}

% Max Pooling
@online{kumar2021,
    author = {P. Kumar and Codicals},
    year = {2021},
    month = {8},
    day = {24},
    title = {Max Pooling, Why use it and its advantages},
    publisher = {Geek Culture},
    journal = {Medium},
    url = {https://medium.com/geekculture/max-pooling-why-use-it-and-its-advantages-5807a0190459}
}

% Chart Examples
@online{li2018,
    author = {L. Li},
    year = {2018},
    month = {3},
    day = {23},
    title = {Data Visualization},
    journal = {Medium},
    url = {https://medium.com/@Lynia_Li/as-you-know-there-are-many-types-of-charts-to-be-used-in-data-visualization-54da9b97092e}
}

% McDonald's Report
@report{mcdonalds2022,
    publisher = {McDonald's Corporation},
    year = {2022},
    title = {2022 Annual Report},
    url = {https://corporate.mcdonalds.com/content/dam/sites/corp/nfl/pdf/MCD_2023_Annual_Report.pdf}
}

% CNN Introduction
@misc{oshea2015,
    title={An Introduction to Convolutional Neural Networks}, 
    author={Keiron O'Shea and Ryan Nash},
    year={2015},
    url = {https://arxiv.org/abs/1511.08458}
}

% Probability Distribution Overview
@online{sandhya2023,
    author = {SandhyaKrishnan02},
    year = {2023},
    title = {An overview of probability distribution},
    journal = {Kaggle},
    url = {https://www.kaggle.com/discussions/general/366492}
}

% Scraped Dataset
@online{sundedition2021,
    author = {SunEdition},
    year = {2021},
    title = {Graphs Dataset},
    journal = {Kaggle},
    url = {https://www.kaggle.com/datasets/sunedition/graphs-dataset}
}

% Cross Entropy
@online{365team2023,
    author = {The 365 Team},
    year = {2023},
    title = {What Is Cross-Entropy Loss Function? },
    journal = {365DataScience},
    url = {https://365datascience.com/tutorials/machine-learning-tutorials/cross-entropy-loss/}
}

% pandas
@software{reback2020-pandas,
    author = {The pandas development team},
    title = {pandas},
    month = {2},
    year = {2020},
    publisher = {Zenodo},
    doi = {10.5281/zenodo.3509134},
    url = {https://doi.org/10.5281/zenodo.3509134}
}

@inproceedings{mckinney2010-pandas,
    author = {{W}es {M}c{K}inney},
    title = {{D}ata {S}tructures for {S}tatistical {C}omputing in {P}ython},
    booktitle = {{P}roceedings of the 9th {P}ython in {S}cience {C}onference},
    pages = {56 -- 61},
    year = {2010},
    editor = {{S}t\'efan van der {W}alt and {J}arrod {M}illman},
    doi = {10.25080/Majora-92bf1922-00a}
}

% NumPy

@article{harris2020-numpy,
    title = {Array programming with {NumPy}},
    author = {Charles R. Harris and K. Jarrod Millman and St{\'{e}}fan J.
                    van der Walt and Ralf Gommers and Pauli Virtanen and David
                    Cournapeau and Eric Wieser and Julian Taylor and Sebastian
                    Berg and Nathaniel J. Smith and Robert Kern and Matti Picus
                    and Stephan Hoyer and Marten H. van Kerkwijk and Matthew
                    Brett and Allan Haldane and Jaime Fern{\'{a}}ndez del
                    R{\'{i}}o and Mark Wiebe and Pearu Peterson and Pierre
                    G{\'{e}}rard-Marchant and Kevin Sheppard and Tyler Reddy and
                    Warren Weckesser and Hameer Abbasi and Christoph Gohlke and
                    Travis E. Oliphant},
    year = {2020},
    month = {9},
    journal = {Nature},
    volume = {585},
    number = {7825},
    pages = {357--362},
    doi = {10.1038/s41586-020-2649-2},
    publisher = {Springer Science and Business Media {LLC}},
    url = {https://doi.org/10.1038/s41586-020-2649-2}
}

% Keras
@online{chollet2015-keras,
    title = {Keras},
    author = {Fran\c{c}ois Chollet and others},
    year = {2015},
    url = {https://keras.io}
}

% Matplotlib
@article{hunter2007-matplotlib,
    author = {John D. Hunter},
    title = {Matplotlib: A 2D graphics environment},
    journal = {Computing in Science \& Engineering},
    volume = {9},
    number = {3},
    pages = {90--95},
    publisher = {IEEE COMPUTER SOC},
    doi = {10.1109/MCSE.2007.55},
    year = {2007}
}

